@article{bezanson2017julia,
  title={Julia: A fresh approach to numerical computing},
  author={Bezanson, Jeff and Edelman, Alan and Karpinski, Stefan and Shah, Viral B},
  journal={SIAM review},
  volume={59},
  number={1},
  pages={65--98},
  year={2017},
  publisher={SIAM}
}

@article{Moore1990,
	author = {Moore, James T. and Bard, Jonathan F.},
	doi = {10.1287/opre.38.5.911},
	issn = {0030-364X},
	journal = {Operations Research},
	keywords = {games: noncooperative,integer: branch-and-bound algorithms,programming},
	mendeley-groups = {bilevel - hierarchical},
	month = {oct},
	number = {5},
	pages = {911--921},
	publisher = { INFORMS },
	title = {{The Mixed Integer Linear Bilevel Programming Problem}},
	url = {http://pubsonline.informs.org/doi/abs/10.1287/opre.38.5.911},
	volume = {38},
	year = {1990}
}

@article{effRANSAC,
author = {Schnabel, R. and Wahl, R. and Klein, R.},
title = {Efficient RANSAC for Point-Cloud Shape Detection},
journal = {Computer Graphics Forum},
volume = {26},
number = {2},
pages = {214-226},
keywords = {large point-clouds, geometry analysis, shape fitting, localized RANSAC, primitive shapes, I.4.8: Scene Analysis Shape; Surface Fitting, I.3.5: Computational Geometry and Object Modeling Curve, surface, solid, object representations},
doi = {10.1111/j.1467-8659.2007.01016.x},
url = {https://onlinelibrary.wiley.com/doi/abs/10.1111/j.1467-8659.2007.01016.x},
eprint = {https://onlinelibrary.wiley.com/doi/pdf/10.1111/j.1467-8659.2007.01016.x},
year = {2007}
}